<record><leader>00000cas a22000007a 4500</leader><controlfield tag="001">25113641</controlfield><controlfield tag="008">920115d18801880ctudn ne      0    0eng d</controlfield><datafield ind1=" " ind2=" " tag="010"><subfield code="a">sn 92051114 </subfield></datafield><datafield ind1=" " ind2=" " tag="040"><subfield code="a">CNW</subfield><subfield code="b">eng</subfield><subfield code="c">CNW</subfield><subfield code="d">OCLCQ</subfield><subfield code="d">OCLCF</subfield><subfield code="d">OCLCO</subfield></datafield><datafield ind1=" " ind2=" " tag="042"><subfield code="a">msc</subfield></datafield><datafield ind1=" " ind2=" " tag="043"><subfield code="a">n-us-ct</subfield></datafield><datafield ind1="0" ind2=" " tag="130"><subfield code="a">Bethel ledger (Bethel, Conn. : Daily)</subfield></datafield><datafield ind1="1" ind2="0" tag="245"><subfield code="a">Bethel ledger.</subfield></datafield><datafield ind1=" " ind2=" " tag="250"><subfield code="a">Daily camp-meeting ed.</subfield></datafield><datafield ind1=" " ind2=" " tag="260"><subfield code="a">Bethel [Conn.] :</subfield><subfield code="b">Albert A. Bensel</subfield></datafield><datafield ind1=" " ind2=" " tag="300"><subfield code="a">v.</subfield></datafield><datafield ind1=" " ind2=" " tag="310"><subfield code="a">Daily (except Sunday)</subfield></datafield><datafield ind1="0" ind2=" " tag="362"><subfield code="a">Vol. 1, no. 1 (Aug. 10, 1880)-v. 1, no. 6 (Aug. 16, 1880).</subfield></datafield><datafield ind1=" " ind2=" " tag="530"><subfield code="a">Also issued on microfilm from the Connecticut State Library, Hartford, Conn.</subfield></datafield><datafield ind1=" " ind2="0" tag="651"><subfield code="a">Bethel (Conn.)</subfield><subfield code="v">Newspapers.</subfield></datafield><datafield ind1=" " ind2="7" tag="655"><subfield code="a">Newspapers.</subfield><subfield code="2">fast</subfield><subfield code="0">(OCoLC)fst01423814</subfield></datafield><datafield ind1=" " ind2="7" tag="651"><subfield code="a">Connecticut</subfield><subfield code="z">Bethel.</subfield><subfield code="2">fast</subfield><subfield code="0">(OCoLC)fst01214400</subfield></datafield><datafield ind1=" " ind2=" " tag="752"><subfield code="a">United States</subfield><subfield code="b">Connecticut</subfield><subfield code="c">Fairfield</subfield><subfield code="d">Bethel.</subfield></datafield><datafield ind1="0" ind2=" " tag="775"><subfield code="t">Bethel ledger (Bethel, Conn. : Weekly)</subfield><subfield code="w">(DLC)sn 91053014</subfield><subfield code="w">(OCoLC)24981066</subfield></datafield></record>